

@incollection{calazans2011organismos,
  title={Organismos Planct{\^o}nicos},
  author={Calazans, Danilo and Muelbert, Jos{\'e} H and Muxagata, Erik},
  booktitle={Estudos Oceanogr{\'a}ficos: Do Instrumental ao Pr{\'a}tico},
  pages={200--274},
  year={2011},
  publisher={Editora Textos Pelotas, RS}
}

@article{brierleyplankton,
  title={Plankton},
  author={Brierley, Andrew S},
  journal={Current Biology},
  volume={27},
  number={11},
  pages={478--483},
  year={2017},
  publisher={Elsevier}
}
%3
@article{benfield2007rapid,
  title={RAPID: research on automated plankton identification},
  author={Benfield, Mark C and Grosjean, Philippe and Culverhouse, Phil F and Irigoien, Xabier and Sieracki, Michael E and Lopez-Urrutia, Angel and Dam, Hans G and Hu, Qiao and Davis, Cabell S and Hansen, Allen and others},
  journal={Oceanography},
  volume={20},
  number={2},
  pages={172--187},
  year={2007},
  publisher={JSTOR}
}

%4
@article{wiebe2003hensen,
  title={From the Hensen net toward four-dimensional biological oceanography},
  author={Wiebe, Peter H and Benfield, Mark C},
  journal={Progress in Oceanography},
  volume={56},
  number={1},
  pages={7--136},
  year={2003},
  publisher={Elsevier}
}

%5
@article{allen1919contribution,
  title={A contribution to the quantitative study of plankton},
  author={Allen, EJ},
  journal={Journal of the Marine Biological Association of the United Kingdom},
  volume={12},
  number={1},
  pages={1--8},
  year={1919},
  publisher={Cambridge University Press}
}

%6
@article{settles2012active,
  title={Active learning},
  author={Settles, Burr},
  journal={Synthesis Lectures on Artificial Intelligence and Machine Learning},
  volume={6},
  number={1},
  pages={1--114},
  year={2012},
  publisher={Morgan \& Claypool Publishers}
}

%7
@article{zhu2006semi,
  title={Semi-supervised learning literature survey},
  author={Zhu, Xiaojin},
  journal={Computer Science, University of Wisconsin-Madison},
  volume={2},
  number={3},
  pages={4},
  year={2006}
}

%8
@book{abu2012learning,
  title={Learning from data},
  author={Abu-Mostafa, Yaser S and Magdon-Ismail, Malik and Lin, Hsuan-Tien},
  volume={4},
  year={2012},
  publisher={AMLBook New York, NY, USA:}
}

%9
@article{olsson2009literature,
  title={A literature survey of active machine learning in the context of natural language processing},
  author={Olsson, Fredrik},
  year={2009},
  publisher={Swedish Institute of Computer Science}
}

%10
@article{cohn1994improving,
  title={Improving generalization with active learning},
  author={Cohn, David and Atlas, Les and Ladner, Richard},
  journal={Machine learning},
  volume={15},
  number={2},
  pages={201--221},
  year={1994},
  publisher={Springer}
}

%11
@article{dasgupta2011two,
  title={Two faces of active learning},
  author={Dasgupta, Sanjoy},
  journal={Theoretical computer science},
  volume={412},
  number={19},
  pages={1767--1781},
  year={2011},
  publisher={Elsevier}
}

%12
@article{persello2012active,
  title={Active learning for domain adaptation in the supervised classification of remote sensing images},
  author={Persello, Claudio and Bruzzone, Lorenzo},
  journal={IEEE Transactions on Geoscience and Remote Sensing},
  volume={50},
  number={11},
  pages={4468--4483},
  year={2012},
  publisher={IEEE}
}

%13
@article{settles2014active,
  title={Active learning literature survey. 2010},
  author={Settles, Burr},
  journal={Computer Sciences Technical Report},
  volume={1648},
  year={2014}
}

%14
@inproceedings{baum1992query,
  title={Query learning can work poorly when a human oracle is used},
  author={Baum, Eric B and Lang, Kenneth},
  booktitle={International joint conference on neural networks},
  volume={8},
  pages={8},
  year={1992}
}

@article{angluin1988queries,
  title={Queries and concept learning},
  author={Angluin, Dana},
  journal={Machine learning},
  volume={2},
  number={4},
  pages={319--342},
  year={1988},
  publisher={Springer}
}

@inproceedings{shapiro1981algorithm,
  title={An Algorithm that Infers Theories from Facts.},
  author={Shapiro, Ehud Y},
  booktitle={IJCAI},
  pages={446--451},
  year={1981}
}

@inproceedings{shapiro1982algorithmic,
  title={Algorithmic program diagnosis},
  author={Shapiro, Ehud Y},
  booktitle={Proceedings of the 9th ACM SIGPLAN-SIGACT symposium on Principles of programming languages},
  pages={299--308},
  year={1982},
  organization={ACM}
}

@book{shapiro198algorithmic_2,
  title={Algorithmic Program Debugging. ACM Distinguished Dissertation},
  author={Shapiro, Ehud Y},
  year={1982},
  publisher={MIT press}
}

@article{king2004functional,
  title={Functional genomic hypothesis generation and experimentation by a robot scientist},
  author={King, Ross D and Whelan, Kenneth E and Jones, Ffion M and Reiser, Philip GK and Bryant, Christopher H and Muggleton, Stephen H and Kell, Douglas B and Oliver, Stephen G},
  journal={Nature},
  volume={427},
  number={6971},
  pages={247},
  year={2004},
  publisher={Nature Publishing Group}
}

@article{king2009automation,
  title={The automation of science},
  author={King, Ross D and Rowland, Jem and Oliver, Stephen G and Young, Michael and Aubrey, Wayne and Byrne, Emma and Liakata, Maria and Markham, Magdalena and Pir, Pinar and Soldatova, Larisa N and others},
  journal={Science},
  volume={324},
  number={5923},
  pages={85--89},
  year={2009},
  publisher={American Association for the Advancement of Science}
}

@article{zhu2017generative,
  title={Generative adversarial active learning},
  author={Zhu, Jia-Jie and Bento, Jos{\'e}},
  journal={arXiv preprint arXiv:1702.07956},
  year={2017}
}

@article{wang2015active,
  title={Active learning via query synthesis and nearest neighbour search},
  author={Wang, Liantao and Hu, Xuelei and Yuan, Bo and Lu, Jianfeng},
  journal={Neurocomputing},
  volume={147},
  pages={426--434},
  year={2015},
  publisher={Elsevier}
}

@inproceedings{chu2011unbiased,
  title={Unbiased online active learning in data streams},
  author={Chu, Wei and Zinkevich, Martin and Li, Lihong and Thomas, Achint and Tseng, Belle},
  booktitle={Proceedings of the 17th ACM SIGKDD international conference on Knowledge discovery and data mining},
  pages={195--203},
  year={2011},
  organization={ACM}
}

@inproceedings{atlas1990training,
  title={Training connectionist networks with queries and selective sampling},
  author={Atlas, Les E and Cohn, David A and Ladner, Richard E},
  booktitle={Advances in neural information processing systems},
  pages={566--573},
  year={1990}
}

@techreport{mitchell1978version,
  title={Version spaces: an approach to concept learning.},
  author={Mitchell, Tom Michael},
  year={1978},
  institution={STANFORD UNIV CALIF DEPT OF COMPUTER SCIENCE}
}

@article{mitchell1982generalization,
  title={Generalization as search},
  author={Mitchell, Tom M},
  journal={Artificial intelligence},
  volume={18},
  number={2},
  pages={203--226},
  year={1982},
  publisher={Elsevier}
}

@inproceedings{seung1992query,
  title={Query by committee},
  author={Seung, H Sebastian and Opper, Manfred and Sompolinsky, Haim},
  booktitle={Proceedings of the fifth annual workshop on Computational learning theory},
  pages={287--294},
  year={1992},
  organization={ACM}
}

@incollection{dagan1995committee,
  title={Committee-based sampling for training probabilistic classifiers},
  author={Dagan, Ido and Engelson, Sean P},
  booktitle={Machine Learning Proceedings 1995},
  pages={150--157},
  year={1995},
  publisher={Elsevier}
}


@inproceedings{mccallumzy1998employing,
  title={Employing EM and pool-based active learning for text classification},
  author={McCallumzy, Andrew Kachites and Nigamy, Kamal},
  organization={Citeseer},
  year={1998}
}


@incollection{aggarwal2014active,
  title={Active learning: A survey},
  author={Aggarwal, Charu C and Kong, Xiangnan and Gu, Quanquan and Han, Jiawei and Philip, S Yu},
  booktitle={Data Classification},
  pages={589--623},
  year={2014},
  publisher={Chapman and Hall/CRC}
}

@article{wang2011active,
  title={Active learning in multimedia annotation and retrieval: A survey},
  author={Wang, Meng and Hua, Xian-Sheng},
  journal={ACM Transactions on Intelligent Systems and Technology (TIST)},
  volume={2},
  number={2},
  pages={10},
  year={2011},
  publisher={ACM}
}

@article{saito2014active,
  title={Active learning with applications to the diagnosis of parasites},
  author={Saito, Priscila Tiemi Maeda and others},
  year={2014},
  publisher={[sn]}
}

@inproceedings{castro2009human,
  title={Human active learning},
  author={Castro, Rui M and Kalish, Charles and Nowak, Robert and Qian, Ruichen and Rogers, Tim and Zhu, Xiaojin},
  booktitle={Advances in neural information processing systems},
  pages={241--248},
  year={2009}
}

@article{markant2014better,
  title={Is it better to select or to receive? Learning via active and passive hypothesis testing.},
  author={Markant, Douglas B and Gureckis, Todd M},
  journal={Journal of Experimental Psychology: General},
  volume={143},
  number={1},
  pages={94},
  year={2014},
  publisher={American Psychological Association}
}

@inproceedings{kottke2018other,
  title={The Other Human in The Loop--A Pilot Study to Find Selection Strategies for Active Learning},
  author={Kottke, Daniel and Calma, Adrian and Huseljic, Denis and Sandrock, Christoph and Kachergis, George and Sick, Bernhard},
  booktitle={2018 International Joint Conference on Neural Networks (IJCNN)},
  pages={1--8},
  year={2018},
  organization={IEEE}
}

@inproceedings{calma2016active,
  title={From active learning to dedicated collaborative interactive learning},
  author={Calma, Adrian and Leimeister, Jan Marco and Lukowicz, Paul and Oeste-Rei{\ss}, Sarah and Reitmaier, Tobias and Schmidt, Albrecht and Sick, Bernhard and Stumme, Gerd and Zweig, Katharina Anna},
  booktitle={ARCS 2016; 29th International Conference on Architecture of Computing Systems; Proceedings of},
  pages={1--8},
  year={2016},
  organization={VDE}
}

@inproceedings{seifert2010user,
  title={User-based active learning},
  author={Seifert, Christin and Granitzer, Michael},
  booktitle={Data Mining Workshops (ICDMW), 2010 IEEE International Conference on},
  pages={418--425},
  year={2010},
  organization={IEEE}
}

@article{yang2018visually,
  title={Visually-Enabled Active Deep Learning for (Geo) Text and Image Classification: A Review},
  author={Yang, Liping and MacEachren, Alan M and Mitra, Prasenjit and Onorati, Teresa},
  journal={ISPRS International Journal of Geo-Information},
  volume={7},
  number={2},
  pages={65},
  year={2018},
  publisher={Multidisciplinary Digital Publishing Institute}
}

@article{bernard2018comparing,
  title={Comparing visual-interactive labeling with active learning: An experimental study},
  author={Bernard, J{\"u}rgen and Hutter, Marco and Zeppelzauer, Matthias and Fellner, Dieter and Sedlmair, Michael},
  journal={IEEE transactions on visualization and computer graphics},
  volume={24},
  number={1},
  pages={298--308},
  year={2018},
  publisher={IEEE}
}

@inproceedings{weigl2016mapview,
  title={MapView: Graphical Data Representation for Active Learning.},
  author={Weigl, Eva and Walch, Alexander and Neissl, Ulrich and Meyer-Heye, Pauline and Radauer, Thomas and Lughofer, Edwin and Heidl, Wolfgang and Eitzinger, Christian},
  booktitle={AL@ iKNOW},
  pages={3--8},
  year={2016}
}

@incollection{jeffries1980computer,
  title={Computer-processing of zooplankton samples},
  author={Jeffries, H Perry and Sherman, Kenneth and Maurer, Ray and Katsinis, Costantin},
  booktitle={Estuarine perspectives},
  pages={303--316},
  year={1980},
  publisher={Elsevier}
}

@article{jeffries1984automated,
  title={Automated sizing, counting and identification of zooplankton by pattern recognition},
  author={Jeffries, HP and Berman, MS and Poularikas, AD and Katsinis, C and Melas, I and Sherman, K and Bivins, L},
  journal={Marine biology},
  volume={78},
  number={3},
  pages={329--334},
  year={1984},
  publisher={Springer}
}

@article{berman1990image,
  title={Image analysis techniques for the identification and measurement of marine zooplankton},
  author={Berman, MS and Katsinis, C and Jeffries, HP and Lambert, RM},
  journal={EOS Trans Am Geophys Union},
  volume={71},
  pages={94},
  year={1990}
}


@article{tang1998automatic,
  title={Automatic plankton image recognition},
  author={Tang, Xiaoou and Stewart, W Kenneth and Huang, He and Gallager, Scott M and Davis, Cabell S and Vincent, Luc and Marra, Marty},
  journal={Artificial intelligence review},
  volume={12},
  number={1-3},
  pages={177--199},
  year={1998},
  publisher={Springer}
}


@inproceedings{luo2003learning,
  title={Learning to recognize plankton},
  author={Luo, Tong and Kramer, Kurt and Goldgof, Dmitry and Hall, Lawrence O and Samson, Scott and Remsen, Andrew and Hopkins, Thomas},
  booktitle={Systems, Man and Cybernetics, 2003. IEEE International Conference on},
  volume={1},
  pages={888--893},
  year={2003},
  organization={IEEE}
}


@article{davis2004real,
  title={Real-time observation of taxa-specific plankton distributions: an optical sampling method},
  author={Davis, Cabell S and Hu, Qiao and Gallager, Scott M and Tang, Xiaoou and Ashjian, Carin J},
  journal={Marine Ecology Progress Series},
  volume={284},
  pages={77--96},
  year={2004}
}

@article{grosjean2004enumeration,
  title={Enumeration, measurement, and identification of net zooplankton samples using the ZOOSCAN digital imaging system},
  author={Grosjean, Philippe and Picheral, Marc and Warembourg, Caroline and Gorsky, Gabriel},
  journal={ICES Journal of Marine Science},
  volume={61},
  number={4},
  pages={518--525},
  year={2004},
  publisher={Oxford University Press}
}


@article{luo2005active,
  title={Active learning to recognize multiple types of plankton},
  author={Luo, Tong and Kramer, Kurt and Goldgof, Dmitry B and Hall, Lawrence O and Samson, Scott and Remsen, Andrew and Hopkins, Thomas},
  journal={Journal of Machine Learning Research},
  volume={6},
  number={Apr},
  pages={589--613},
  year={2005}
}

@article{hu2005automatic,
  title={Automatic plankton image recognition with co-occurrence matrices and support vector machine},
  author={Hu, Qiao and Davis, Cabell},
  journal={Marine Ecology Progress Series},
  volume={295},
  pages={21--31},
  year={2005}
}


@inproceedings{blaschko2005automatic,
  title={Automatic in situ identification of plankton},
  author={Blaschko, Matthew B and Holness, Gary and Mattar, Marwan A and Lisin, Dimitri and Utgoff, Paul E and Hanson, Allen R and Schultz, Howard and Riseman, Edward M and Sieracki, Michael E and Balch, William M and others},
  booktitle={2005 Seventh IEEE Workshops on Applications of Computer Vision (WACV/MOTION'05)-Volume 1},
  volume={1},
  pages={79--86},
  year={2005},
  organization={IEEE}
}


@article{hu2006accurate,
  title={Accurate automatic quantification of taxa-specific plankton abundance using dual classification with correction},
  author={Hu, Qiao and Davis, Cabell},
  journal={Marine Ecology Progress Series},
  volume={306},
  pages={51--61},
  year={2006}
}


@article{sosik2007automated,
  title={Automated taxonomic classification of phytoplankton sampled with imaging-in-flow cytometry},
  author={Sosik, Heidi M and Olson, Robert J},
  journal={Limnology and Oceanography: Methods},
  volume={5},
  number={6},
  pages={204--216},
  year={2007},
  publisher={Wiley Online Library}
}


@article{bell2008assessment,
  title={Assessment of ZooImage as a tool for the classification of zooplankton},
  author={Bell, Jenefer L and Hopcroft, Russell R},
  journal={Journal of Plankton Research},
  volume={30},
  number={12},
  pages={1351--1367},
  year={2008},
  publisher={Oxford University Press}
}



@inproceedings{soh2008segmentation,
  title={Segmentation of plankton images by mean shift clustering and graph-based cluster merging},
  author={Soh, Youngsung and Dong, Wentao and Lee, Hyunsoo and Schultz, Howard and Hanson, Allen and Soh, Heesoo},
  booktitle={SCIS \& ISIS SCIS \& ISIS 2008},
  pages={1149--1153},
  year={2008},
  organization={Japan Society for Fuzzy Theory and Intelligent Informatics}
}


@book{al2016plankton,
  title={Plankton Image Classification Using Convolutional Neural Network},
  author={Al-Barazanchi, Hussein A and Verma, Abhishek and Wang, Shawn},
  year={2016},
  publisher={California State University, Fullerton}
}


@article{luo2017automated,
  title={Automated plankton image analysis using convolutional neural networks},
  author={Luo, Jessica Y and Irisson, Jean-Olivier and Graham, Benjamin and Guigand, Cedric and Sarafraz, Amin and Mader, Christopher and Cowen, Robert K},
  journal={Limnology and Oceanography: Methods},
  year={2017},
  publisher={Wiley Online Library}
}

@article{al2018intelligent,
  title={Intelligent plankton image classification with deep learning},
  author={Al-Barazanchi, Hussein and Verma, Abhishek and Wang, Shawn X},
  journal={International Journal of Computational Vision and Robotics (IJCVR)},
  volume={8},
  number={6},
  pages={561--571},
  year={2018}
}


@article{van2009dimensionality,
  title={Dimensionality reduction: a comparative},
  author={Van Der Maaten, Laurens and Postma, Eric and Van den Herik, Jaap},
  journal={J Mach Learn Res},
  volume={10},
  pages={66--71},
  year={2009}
}